<?xml version="1.0" encoding="UTF-8"?><collection xmlns="http://www.loc.gov/MARC21/slim"><record><leader>00511nam--2200133-i-4500</leader><controlfield tag="001">000019584</controlfield><controlfield tag="002">20161230</controlfield><controlfield tag="005">20161230201033</controlfield><controlfield tag="008">060222s1000------------r-----000-0-eng-d</controlfield><datafield ind1=" " ind2=" " tag="080"><subfield code="a">341(043):621.039(043)</subfield></datafield><datafield ind1=" " ind2=" " tag="100"><subfield code="a">Farcasiu, Octavian Mihai</subfield></datafield><datafield ind1=" " ind2=" " tag="245"><subfield code="a">Contributii la studiul si aplicarea metodelor de masura folosite in sistemul de garantii si control al materialelor nucleare fisionabile.teza de doctorat</subfield></datafield><datafield ind1=" " ind2=" " tag="260"><subfield code="a">Bucuresti, Institutul De Fizica Atomica, 1975. 186 P. + 21 P. Bibliografie</subfield></datafield><datafield ind1=" " ind2=" " tag="852"><subfield code="a">15295</subfield></datafield></record></collection>